@article{bcq,
  author    = {Scott Fujimoto and
               David Meger and
               Doina Precup},
  title     = {Off-Policy Deep Reinforcement Learning without Exploration},
  journal   = {CoRR},
  volume    = {abs/1812.02900},
  year      = {2018},
  url       = {http://arxiv.org/abs/1812.02900},
  archivePrefix = {arXiv},
  eprint    = {1812.02900},
  timestamp = {Tue, 01 Jan 2019 15:01:25 +0100},
  biburl    = {https://dblp.org/rec/journals/corr/abs-1812-02900.bib},
  bibsource = {dblp computer science bibliography, https://dblp.org}
}

@article{rcnn,
  author    = {Ross B. Girshick and
               Jeff Donahue and
               Trevor Darrell and
               Jitendra Malik},
  title     = {Rich feature hierarchies for accurate object detection and semantic
               segmentation},
  journal   = {CoRR},
  volume    = {abs/1311.2524},
  year      = {2013},
  url       = {http://arxiv.org/abs/1311.2524},
  archivePrefix = {arXiv},
  eprint    = {1311.2524},
  timestamp = {Mon, 13 Aug 2018 16:48:09 +0200},
  biburl    = {https://dblp.org/rec/journals/corr/GirshickDDM13.bib},
  bibsource = {dblp computer science bibliography, https://dblp.org}
}